<?xml version="1.0" encoding="UTF-8"?><collection xmlns="http://www.loc.gov/MARC21/slim"><record><leader>00393nam--2200121-i-4500</leader><controlfield tag="001">000039780</controlfield><controlfield tag="002">20161230</controlfield><controlfield tag="005">20161230201042</controlfield><controlfield tag="008">060222s1000------------r-----000-0-eng-d</controlfield><datafield ind1=" " ind2=" " tag="100"><subfield code="a">Rubencamp,R. And Zerr,Georg</subfield></datafield><datafield ind1=" " ind2=" " tag="245"><subfield code="a">Hand.der farbenfabrikation. mit zahlreichen alobindungen und tabellen</subfield></datafield><datafield ind1=" " ind2=" " tag="260"><subfield code="a">Berlin, Union Deutsche Verlagsgesellschaft Zweigniderlassung, 1930. Xv+972 P</subfield></datafield><datafield ind1=" " ind2=" " tag="852"><subfield code="a">1101</subfield></datafield></record></collection>